@Manual{R-base,
  title = {R: A Language and Environment for Statistical Computing},
  author = {{R Core Team}},
  organization = {R Foundation for Statistical Computing},
  address = {Vienna, Austria},
  year = {2019},
  url = {https://www.R-project.org/},
}
@Manual{R-bookdown,
  title = {bookdown: Authoring Books and Technical Documents with R Markdown},
  author = {Yihui Xie},
  year = {2019},
  note = {R package version 0.12},
  url = {https://CRAN.R-project.org/package=bookdown},
}
@Manual{R-devtools,
  title = {devtools: Tools to Make Developing R Packages Easier},
  author = {Hadley Wickham and Jim Hester and Winston Chang},
  year = {2019},
  note = {R package version 2.1.0},
  url = {https://CRAN.R-project.org/package=devtools},
}
@Manual{R-git2r,
  title = {git2r: Provides Access to Git Repositories},
  author = {See AUTHORS file.},
  year = {2019},
  note = {R package version 0.26.1},
  url = {https://CRAN.R-project.org/package=git2r},
}
@Manual{R-knitr,
  title = {knitr: A General-Purpose Package for Dynamic Report Generation in R},
  author = {Yihui Xie},
  year = {2019},
  note = {R package version 1.23},
  url = {https://CRAN.R-project.org/package=knitr},
}
@Manual{R-rmarkdown,
  title = {rmarkdown: Dynamic Documents for R},
  author = {JJ Allaire and Yihui Xie and Jonathan McPherson and Javier Luraschi and Kevin Ushey and Aron Atkins and Hadley Wickham and Joe Cheng and Winston Chang and Richard Iannone},
  year = {2019},
  note = {R package version 1.14},
  url = {https://CRAN.R-project.org/package=rmarkdown},
}
@Manual{R-rprojroot,
  title = {rprojroot: Finding Files in Project Subdirectories},
  author = {Kirill MÃ¼ller},
  year = {2018},
  note = {R package version 1.3-2},
  url = {https://CRAN.R-project.org/package=rprojroot},
}
@Manual{R-shiny,
  title = {shiny: Web Application Framework for R},
  author = {Winston Chang and Joe Cheng and JJ Allaire and Yihui Xie and Jonathan McPherson},
  year = {2020},
  note = {R package version 1.5.0},
  url = {https://CRAN.R-project.org/package=shiny},
}
@Manual{R-shinyBS,
  title = {shinyBS: Twitter Bootstrap Components for Shiny},
  author = {Eric Bailey},
  year = {2015},
  note = {R package version 0.61},
  url = {https://CRAN.R-project.org/package=shinyBS},
}
@Manual{R-shinyIncubator,
  title = {shinyIncubator: Unofficial add-ons for Shiny},
  author = {{RStudio} and {Inc.}},
  year = {2012},
  note = {R package version 0.2.2},
  url = {https://github.com/rstudio/shiny-incubator},
}
@Manual{R-shinysky,
  title = {shinysky: A Set of Shiny Components and Widgets},
  author = {Dai ZJ},
  year = {2019},
  note = {R package version 0.1.3},
  url = {https://github.com/AnalytixWare/ShinySky},
}
@Manual{R-usethis,
  title = {usethis: Automate Package and Project Setup},
  author = {Hadley Wickham and Jennifer Bryan},
  year = {2019},
  note = {R package version 1.5.1},
  url = {https://CRAN.R-project.org/package=usethis},
}
